@article{rüppel2022, 
title={Avifauna Greifswalder Oie}, 
author={Rüppel, Georg and Schirmer, Saskia and Klinner, Thomas and von Rönn, Jan},
year={2022},
publisher={Zenodo},
DOI={10.5281/zenodo.6409748}, 
}
