@article{munoz2021,
  title = {{ERA5-Land}: A State-of-the-Art Global Reanalysis Dataset for Land Applications},
  author = {{Mu{\~n}oz-Sabater}, Joaqu{\'i}n and Dutra, Emanuel and {Agust{\'i}-Panareda}, Anna and Albergel, Cl{\'e}ment and Arduini, Gabriele and Balsamo, Gianpaolo and Boussetta, Souhail and Choulga, Margarita and Harrigan, Shaun and Hersbach, Hans},
  year = {2021},
  journal = {Earth System Science Data},
  volume = {13},
  number = {9},
  pages = {4349--4383},
  doi = {10.5194/essd-13-4349-2021}
}

@misc{hersbach2018,
  title = {{ERA5} hourly data on pressure levels from 1979 to present. {Copernicus Climate Change Service} ({C3S}) {{Climate Data Store}} ({CDS})},
  author = {Hersbach, H. and Bell, B. and Berrisford, P. and Biavati, G. and Hor{\'a}nyi, A. and Mu{\~n}oz Sabater, J. and Nicolas, J. and Peubey, C. and Radu, R. and Rozum, I. and Schepers, D. and Simmons, A. and Soci, C. and Dee, D. and Th{\'e}paut, J-N.},
  year = {2018},
  doi = {10.24381/cds.bd0915c6},
  number = {Accessed on 09-03-2022}
}

@misc{hersbach2018b,
  title = {{ERA5} hourly Data on Single Levels from 1979 to present. {Copernicus Climate Change Service} ({C3S}) {{Climate Data Store}} ({CDS})},
  author = {Hersbach, H. and Bell, B. and Berrisford, P. and Biavati, G. and Hor{\'a}nyi, A. and Mu{\~n}oz Sabater, J. and Nicolas, J. and Peubey, C. and Radu, R. and Rozum, I. and Schepers, D. and Simmons, A. and Soci, C. and Dee, D. and Th{\'e}paut, J-N.},
  year = {2018},
  doi = {10.24381/cds.adbb2d47},
  number = {Accessed on 09-03-2022}
}

@article{bruderer2018,
  title = {Vertical Distribution of Bird Migration between the {Baltic Sea} and the {Sahara}},
  author = {Bruderer, Bruno and Peter, Dieter and {Korner-Nievergelt}, Fr{\"a}nzi},
  year = {2018},
  journal = {Journal of Ornithology},
  volume = {159},
  number = {2},
  pages = {315--336},
  doi = {10.1007/s10336-017-1506-z}
}

@misc{dwd2021,
  title = {Historical hourly station observations of precipitation for Germany. Version v21.3},
  author = {DWD Climate Data Center, },
  year = {2021},
  url = {https://opendata.dwd.de/climate_environment/CDC/observations_germany/climate/hourly/precipitation/historical/},
  number = {Accessed on 16-03-2022}
}

@misc{dwd2022,
  title = {Recent hourly station observations of precipitation for Germany, quality control not completed yet, version recent},
  author = {DWD Climate Data Center, },
  year = {2022},
  url = {https://opendata.dwd.de/climate_environment/CDC/observations_germany/climate/hourly/precipitation/recent/},
  number = {Accessed on 16-03-2022}
}

@inproceedings{jags,
  title={JAGS: A program for analysis of {Bayesian} graphical models using {Gibbs} sampling},
  author={Plummer, Martyn},
  booktitle={Proceedings of the 3rd international workshop on distributed statistical computing},
  volume={124},
  number={125.10},
  pages={1--10},
  year={2003},
  organization={Vienna, Austria.}
}

@article{R,
   author = {R Core Team, },
   title = {R: a language and environment for statistical computing},
   url = {https://www.R-project.org/},
   year = {2021}
}

@article{jagsui,
   author = {Keller, Ken},
   title = {jagsUI: A wrapper around rjags to streamline JAGS analyses. R Package, Version 1.5.2},
   url = {https://cran.r-project.org/web/packages/jagsUI/},
   year = {2021}
}

@article{naef-daenzer2007,
   author = {Naef‐Daenzer, Beat},
   title = {An allometric function to fit leg‐loop harnesses to terrestrial birds},
   journal = {Journal of Avian Biology},
   volume = {38},
   number = {3},
   pages = {404-407},
   doi = {10.1111/j.2007.0908-8857.03863.x},
   year = {2007}
}

@article{taylor2017,
   author = {Taylor, Philip D and Crewe, Tara and Mackenzie, Stuart and Lepage, Denis and Aubry, Yves and Crysler, Zoe and Finney, George and Francis, Charles and Guglielmo, Christopher and Hamilton, Diana},
   title = {The motus wildlife wracking wystem: a collaborative research network to enhance the understanding of wildlife movement},
   journal = {Avian Conservation Ecology},
   volume = {12},
   number = {1},
   doi = {10.5751/ACE-00953-120108},
   year = {2017}
}

@article{brust2021,
   author = {Brust, Vera and Hüppop, Ommo},
   title = {Underestimated scale of songbird offshore migration across the south-eastern {North Sea} during autumn},
   journal = {Journal of Ornithology},
   pages = {1-10},
   doi = {10.1007/s10336-021-01934-5},
   year = {2021}
}

@article{brust2019,
   author = {Brust, Vera and Michalik, Bianca and Hüppop, Ommo},
   title = {To cross or not to cross – thrushes at the {German North Sea} coast adapt flight and routing to wind conditions in autumn},
   journal = {Movement Ecology},
   volume = {7},
   number = {1},
   pages = {1-10},
   doi = {10.1186/s40462-019-0173-5},
   year = {2019}
}

@article{motusR,
   author = {Brzustowski, J. and LePage, D.},
   title = {motus: fetch and use data from the motus wildlife tracking system. R Package, Version 4.0.6},
   url = {https://motuswts.github.io/motus/},
   year = {2021}
}

@article{dorka1966,
   author = {Dorka, Volker},
   title = {{Das jahres-und tageszeitliche Zugmuster von Kurz- und Langstreckenziehern nach Beobachtungen auf den Alpenpässen Cou Bretolet (Wallis)}},
   journal = {Ornithologischer Beobachter},
   volume = {63},
   number = {6},
   pages = {165-223},
   year = {1966}
}

@book{kery2012,
  title={Bayesian population analysis using WinBUGS: a hierarchical perspective},
  author={K{\'e}ry, Marc and Schaub, Michael},
  year={2012},
  publisher={Academic Press}
}

@article{calvert2009,
  title={A hierarchical {Bayesian} approach to multi-state mark--recapture: simulations and applications},
  author={Calvert, Anna M and Bonner, Simon J and Jonsen, Ian D and Flemming, Joanna Mills and Walde, Sandra J and Taylor, Philip D},
  journal={Journal of Applied Ecology},
  volume={46},
  number={3},
  pages={610--620},
  year={2009},
  doi={10.1111/j.1365-2664.2009.01636.x}
}

@article{schaub2004,
  title={Departure of migrating {European} robins, {Erithacus} rubecula, from a stopover site in relation to wind and rain},
  author={Schaub, Michael and Liechti, Felix and Jenni, Lukas},
  journal={Animal Behaviour},
  volume={67},
  number={2},
  pages={229--237},
  year={2004},
  doi={10.1016/j.anbehav.2003.03.011}
}

@article{deppe2015,
  title={Fat, weather, and date affect migratory songbirds’ departure decisions, routes, and time it takes to cross the {Gulf of Mexico}},
  author={Deppe, Jill L and Ward, Michael P and Bolus, Rachel T and Diehl, Robert H and Celis-Murillo, Antonio and Zenzal, Theodore J and Moore, Frank R and Benson, Thomas J and Smolinsky, Jaclyn A and Schofield, Lynn N and others},
  journal={Proceedings of the National Academy of Sciences},
  volume={112},
  number={46},
  pages={E6331--E6338},
  year={2015},
  doi={10.1073/pnas.1503381112}
}

@article{dossman2016,
  title={The effects of wind and fuel stores on stopover departure behavior across a migratory barrier},
  author={Dossman, Bryant C and Mitchell, Greg W and Norris, D Ryan and Taylor, Philip D and Guglielmo, Christopher G and Matthews, Stephen N and Rodewald, Paul G},
  journal={Behavioral Ecology},
  volume={27},
  number={2},
  pages={567--574},
  year={2016},
  doi={10.1093/beheco/arv189}
}

@article{ward2018,
  title={Estimating apparent survival of songbirds crossing the {Gulf of Mexico} during autumn migration},
  author={Ward, Michael P and Benson, Thomas J and Deppe, Jill and Zenzal Jr, Theodore J and Diehl, Robert H and Celis-Murillo, Antonio and Bolus, Rachel and Moore, Frank R},
  journal={Proceedings of the Royal Society B},
  volume={285},
  number={1889},
  pages={20181747},
  year={2018},
  doi={10.1098/rspb.2018.1747}
}

@article{schmaljohann2011,
  title={Body condition and wind support initiate the shift of migratory direction and timing of nocturnal departure in a songbird},
  author={Schmaljohann, Heiko and Naef-Daenzer, Beat},
  journal={Journal of Animal Ecology},
  volume={80},
  number={6},
  pages={1115--1122},
  year={2011},
  doi={10.1111/j.1365-2656.2011.01867.x}
}

@article{gill2009,
  title={Extreme endurance flights by landbirds crossing the {Pacific Ocean}: ecological corridor rather than barrier?},
  author={Gill, Robert E and Tibbitts, T Lee and Douglas, David C and Handel, Colleen M and Mulcahy, Daniel M and Gottschalck, Jon C and Warnock, Nils and McCaffery, Brian J and Battley, Philip F and Piersma, Theunis},
  journal={Proceedings of the Royal Society B},
  volume={276},
  number={1656},
  pages={447--457},
  year={2009},
  doi={10.1098/rspb.2008.1142}
}

@article{mckinnon2014,
  title={Tracking from the tropics reveals behaviour of juvenile songbirds on their first spring migration},
  author={McKinnon, Emily A and Fraser, Kevin C and Stanley, Calandra Q and Stutchbury, Bridget JM},
  journal={PLoS ONE},
  volume={9},
  number={8},
  pages={e105605},
  year={2014},
  doi={10.1371/journal.pone.0105605}
}

@article{taylor2011,
  title={Landscape movements of migratory birds and bats reveal an expanded scale of stopover},
  author={Taylor, Philip D and Mackenzie, Stuart A and Thurber, Bethany G and Calvert, Anna M and Mills, Alex M and McGuire, Liam P and Guglielmo, Christopher G},
  journal={PLoS ONE},
  volume={6},
  number={11},
  pages={e27054},
  year={2011},
  doi={10.1371/journal.pone.0027054}
}

@article{lebreton2009,
  title={Modeling individual animal histories with multistate capture--recapture models},
  author={Lebreton, Jean-Dominique and Nichols, James D and Barker, Richard J and Pradel, Roger and Spendelow, Jeffrey A},
  journal={Advances in Ecological Research},
  volume={41},
  pages={87--173},
  year={2009},
  doi={10.1016/S0065-2504(09)00403-6}
}

@article{alerstam2001,
   author = {Alerstam, Thomas},
   title = {Detours in bird migration},
   journal = {Journal of Theoretical Biology},
   volume = {209},
   number = {3},
   pages = {319-331},
   year = {2001},
   doi = {10.1006/jtbi.2001.2266}
}

@article{alerstam2009,
   author = {Alerstam, Thomas},
   title = {Flight by night or day? Optimal daily timing of bird migration},
   journal = {Journal of Theoretical Biology},
   volume = {258},
   number = {4},
   pages = {530-536},
   year = {2009},
   doi = {10.1016/j.jtbi.2009.01.020}
}

@article{alerstam2011,
   author = {Alerstam, Thomas},
   title = {Optimal bird migration revisited},
   journal = {Journal of Ornithology},
   volume = {152},
   number = {1},
   pages = {5-23},
   year = {2011},
   doi = {10.1007/s10336-011-0694-1}
}

@article{schmaljohann2022,
  title={Understanding the ecological and evolutionary function of stopover in migrating birds},
  author={Schmaljohann, Heiko and Eikenaar, Cas and Sapir, Nir},
  journal={Biological Reviews},
  year={2022},
  doi={10.1111/brv.12839}
}

@article{newton2007,
  title={Weather-related mass-mortality events in migrants},
  author={Newton, I},
  journal={Ibis},
  volume={149},
  number={3},
  pages={453--467},
  year={2007},
  doi={10.1111/j.1474-919X.2007.00704.x}
}

@article{delingat2006,
  title={Daily stopovers as optimal migration strategy in a long-distance migrating passerine: the Northern Wheatear {Oenanthe} oenanthe},
  author={Delingat, Julia and Dierschke, Volker and Schmaljohann, Heiko and Mendel, Bettina and Bairlein, Franz},
  journal={Ardea},
  volume={94},
  number={3},
  pages={593},
  year={2006}
}

@article{leandri2019,
  title={Seasonal variation in migration strategies used to cross ecological barriers in a nearctic migrant wintering in Africa},
  author={L{\'e}andri-Breton, Don-Jean and Lamarre, Jean-Fran{\c{c}}ois and B{\^e}ty, Jo{\"e}l},
  journal={Journal of Avian Biology},
  volume={50},
  number={6},
  year={2019},
  doi={10.1111/jav.02101}
}

@article{stanley2012,
  title={Repeat tracking of individual songbirds reveals consistent migration timing but flexibility in route},
  author={Stanley, Calandra Q and MacPherson, Maggie and Fraser, Kevin C and McKinnon, Emily A and Stutchbury, Bridget JM},
  journal={PLoS ONE},
  volume={7},
  number={7},
  pages={e40688},
  year={2012},
  doi={10.1371/journal.pone.0040688}
}

@article{vardanis2011,
  title={Individuality in bird migration: routes and timing},
  author={Vardanis, Yannis and Klaassen, Raymond HG and Strandberg, Roine and Alerstam, Thomas},
  journal={Biology Letters},
  volume={7},
  number={4},
  pages={502--505},
  year={2011},
  doi={10.1098/rsbl.2010.1180}
}

@article{kemp2010,
  title={Can wind help explain seasonal differences in avian migration speed?},
  author={Kemp, Michael U and Shamoun-Baranes, Judy and Van Gasteren, Hans and Bouten, Willem and Van Loon, E Emiel},
  journal={Journal of Avian Biology},
  volume={41},
  number={6},
  pages={672--677},
  year={2010},
  doi={10.1111/j.1600-048X.2010.05053.x}
}

@article{schmaljohann2018,
  title={Proximate mechanisms affecting seasonal differences in migration speed of avian species},
  author={Schmaljohann, Heiko},
  journal={Scientific Reports},
  volume={8},
  number={1},
  pages={1--10},
  year={2018},
  doi={10.1038/s41598-018-22421-7}
}

@article{nilsson2013,
  title={Differences in speed and duration of bird migration between spring and autumn},
  author={Nilsson, Cecilia and Klaassen, Raymond HG and Alerstam, Thomas},
  journal={The American Naturalist},
  volume={181},
  number={6},
  pages={837--845},
  year={2013},
  doi={10.1086/670335}
}

@article{carneiro2020,
  title={Linking weather and phenology to stopover dynamics of a long-distance migrant},
  author={Carneiro, Camilo and Gunnarsson, T{\'o}mas G and Alves, Jos{\'e} A},
  journal={Frontiers in Ecology and Evolution},
  volume={8},
  pages={145},
  year={2020},
  doi={10.3389/fevo.2020.00145}
}

@book{rappole1995,
  title={The ecology of migrant birds. A {Neotropical} perspective},
  author={Rappole, John H},
  publisher={Smithsonian Institution Press},
  year={1995}
}

@article{adamik2016,
  title={Barrier crossing in small avian migrants: individual tracking reveals prolonged nocturnal flights into the day as a common migratory strategy},
  author={Adamík, Peter and Emmenegger, Tamara and Briedis, Martins and Gustafsson, Lars and Henshaw, Ian and Krist, Milo{\v{s}} and Laaksonen, Toni and Liechti, Felix and Proch{\'a}zka, Petr and Salewski, Volker and Hahn, Steffen},
  journal={Scientific Reports},
  volume={6},
  number={1},
  pages={1--9},
  year={2016},
  doi={10.1038/srep21560}
}

@article{baldwin2018,
  title={Bayesian state-space models reveal unobserved off-shore nocturnal migration from {Motus} data},
  author={Baldwin, Justin W and Leap, Katie and Finn, John T and Smetzer, Jennifer R},
  journal={Ecological Modelling},
  volume={386},
  pages={38--46},
  year={2018},
  doi={10.1016/j.ecolmodel.2018.08.006}
}

@article{müller2016,
  title={Towards a conceptual framework for explaining variation in nocturnal departure time of songbird migrants},
  author={M{\"u}ller, Florian and Taylor, Philip D and Sj{\"o}berg, Sissel and Muheim, Rachel and Tsvey, Arseny and Mackenzie, Stuart A and Schmaljohann, Heiko},
  journal={Movement Ecology},
  volume={4},
  number={1},
  pages={1--12},
  year={2016},
  doi={10.1186/s40462-016-0089-2}
}

@article{schick2008,
  title={Understanding movement data and movement processes: current and emerging directions},
  author={Schick, Robert S and Loarie, Scott R and Colchero, Fernando and Best, Benjamin D and Boustany, Andre and Conde, Dalia A and Halpin, Patrick N and Joppa, Lucas N and McClellan, Catherine M and Clark, James S},
  journal={Ecology Letters},
  volume={11},
  number={12},
  pages={1338--1350},
  year={2008},
  doi={10.1111/j.1461-0248.2008.01249.x}
}

@book{hooten2017,
  title={Animal movement: statistical models for telemetry data},
  author={Hooten, Mevin B and Johnson, Devin S and McClintock, Brett T and Morales, Juan M},
  year={2017},
  publisher={CRC press}
}

@article{gwinner1996,
  title={Circadian and circannual programmes in avian migration},
  author={Gwinner, Eberhard},
  journal={Journal of Experimental Biology},
  volume={199},
  number={1},
  pages={39--48},
  year={1996},
  doi={10.1242/jeb.199.1.39}
}

@article{berthold1973,
  title={Relationships between migratory restlessness and migration distance in six Sylvia species},
  author={Berthold, Peter},
  journal={Ibis},
  volume={115},
  number={4},
  pages={594--599},
  year={1973},
  doi={10.1111/j.1474-919X.1973.tb01998.x}
}

@article{bridge2011,
  title={Technology on the move: recent and forthcoming innovations for tracking migratory birds},
  author={Bridge, Eli S and Thorup, Kasper and Bowlin, Melissa S and Chilson, Phillip B and Diehl, Robert H and Fl{\'e}ron, Ren{\'e} W and Hartl, Phillip and Kays, Roland and Kelly, Jeffrey F and Robinson, W Douglas and others},
  journal={BioScience},
  volume={61},
  number={9},
  pages={689--698},
  year={2011},
  doi={10.1525/bio.2011.61.9.7}
}

@article{schmaljohann2013,
  title={Stopover optimization in a long-distance migrant: the role of fuel load and nocturnal take-off time in {Alaskan} northern wheatears ({Oenanthe} oenanthe)},
  author={Schmaljohann, Heiko and Korner-Nievergelt, Fr{\"a}nzi and Naef-Daenzer, Beat and Nagel, Rolf and Maggini, Ivan and Bulte, Marc and Bairlein, Franz},
  journal={Frontiers in Zoology},
  volume={10},
  number={1},
  pages={1--13},
  year={2013},
  doi={10.1186/1742-9994-10-26}
}

@article{goymann2010,
  title={Body fat influences departure from stopover sites in migratory birds: evidence from whole-island telemetry},
  author={Goymann, Wolfgang and Spina, Fernando and Ferri, Andrea and Fusani, Leonida},
  journal={Biology Letters},
  volume={6},
  number={4},
  pages={478--481},
  year={2010},
  doi={10.1098/rsbl.2009.1028}
}

@article{hegemann2018,
  title={Immune function and blood parasite infections impact stopover ecology in passerine birds},
  author={Hegemann, Arne and Alcalde Abril, Pablo and Muheim, Rachel and Sj{\"o}berg, Sissel and Alerstam, Thomas and Nilsson, Jan-{\AA}ke and Hasselquist, Dennis},
  journal={Oecologia},
  volume={188},
  number={4},
  pages={1011--1024},
  year={2018},
  doi={10.1007/s00442-018-4291-3}
}

@article{schmaljohann2017,
  title={Flexible reaction norms to environmental variables along the migration route and the significance of stopover duration for total speed of migration in a songbird migrant},
  author={Schmaljohann, Heiko and Lisovski, Simeon and Bairlein, Franz},
  journal={Frontiers in Zoology},
  volume={14},
  number={1},
  pages={1--16},
  year={2017},
  doi={10.1186/s12983-017-0203-3}
}

@article{smolinsky2013,
  title={Factors influencing the movement biology of migrant songbirds confronted with an ecological barrier},
  author={Smolinsky, Jaclyn A and Diehl, Robert H and Radzio, Thomas A and Delaney, David K and Moore, Frank R},
  journal={Behavioral Ecology and Sociobiology},
  volume={67},
  number={12},
  pages={2041--2051},
  year={2013},
  doi={10.1007/s00265-013-1614-6}
}

@article{packmor2020,
  title={Stopover departure decisions in songbirds: do long-distance migrants depart earlier and more independently of weather conditions than medium-distance migrants?},
  author={Packmor, Florian and Klinner, Thomas and Woodworth, Bradley K and Eikenaar, Cas and Schmaljohann, Heiko},
  journal={Movement Ecology},
  volume={8},
  number={1},
  pages={1--14},
  year={2020},
  doi={10.1186/s40462-020-0193-1}
}

@article{nilsson2014,
  title={Seasonal modulation of flight speed among nocturnal passerine migrants: differences between short-and long-distance migrants},
  author={Nilsson, Cecilia and B{\"a}ckman, Johan and Alerstam, Thomas},
  journal={Behavioral Ecology and Sociobiology},
  volume={68},
  number={11},
  pages={1799--1807},
  year={2014},
  doi={10.1007/s00265-014-1789-5}
}

@article{egevang2010,
  title={Tracking of {Arctic} terns {Sterna} paradisaea reveals longest animal migration},
  author={Egevang, Carsten and Stenhouse, Iain J and Phillips, Richard A and Petersen, Aevar and Fox, James W and Silk, Janet RD},
  journal={Proceedings of the National Academy of Sciences},
  volume={107},
  number={5},
  pages={2078--2081},
  year={2010},
  doi={10.1073/pnas.0909493107}
}

@article{rotics2018,
  title={Early arrival at breeding grounds: Causes, costs and a trade-off with overwintering latitude},
  author={Rotics, Shay and Kaatz, Michael and Turjeman, Sondra and Zurell, Damaris and Wikelski, Martin and Sapir, Nir and Eggers, Ute and Fiedler, Wolfgang and Jeltsch, Florian and Nathan, Ran},
  journal={Journal of Animal Ecology},
  volume={87},
  number={6},
  pages={1627--1638},
  year={2018},
  doi={10.1111/1365-2656.12898}
}

@article{smith2005,
  title={Arrival timing and seasonal reproductive performance in a long-distance migratory landbird},
  author={Smith, Robert J and Moore, Frank R},
  journal={Behavioral Ecology and Sociobiology},
  volume={57},
  number={3},
  pages={231--239},
  year={2005},
  doi={10.1007/s00265-004-0855-9}
}